@article{nakamoto2008bitcoin,
  title={Bitcoin: A peer-to-peer electronic cash system},
  author={Nakamoto, Satoshi},
  year={2008}
}

@book{desotocapital,
  title={The Mystery Of Capital},
  subtitle={Why Capitalism Triumphs In The West And Fails Everywhere Else},
  author={de Soto, Hernando},
  year={2000},
  publisher={Basic Books}
}

@misc{coincheckhack,
  author = {Fortune},
  title = {How to Steal \$500 Million in Cryptocurrency},
  year = {Accessed: 2018-03-30}, 
  howpublished = "\url{http://fortune.com/2018/01/31/coincheck-hack-how}"
}


@misc{fakevolume,
  title={Chasing fake volume: a crypto-plague},
  author={Sylvain Ribes},
  year={Accessed: 2018-03-10},
  howpublished = "\url{https://medium.com/@sylvainartplayribes/chasing-fake-volume-a-crypto-plague-ea1a3c1e0b5e}"
}

@article{limitorderliquidity,
  title={Hedging through a Limit Order Book with Varying Liquidity},
  author={Rossella Agliardi and Ramazan Gençay},
  year={2014}
}

@misc{costofdecent,
  author = {Bentov, Iddo and Breidenbach, Lorenz},
  title = {The Cost of Decentralization},
  year = {Accessed: 2018-03-05}, 
  howpublished = "\url{http://hackingdistributed.com/2017/08/13/cost-of-decent/}"
}

@misc{supersymmetry,
  author = {Supersymmetry},
  title = {Remarks on Loopring},
  year = {Accessed: 2018-03-05}, 
  howpublished = "\url{https://docs.loopring.org/pdf/supersimmetry-loopring-remark.pdf}"
}

@misc{coinport2014udom,
  author = {Daniel Wang},
  title = {Coinport's Implemenation of UDOM},
  year = {Accessed: 2018-03-05}, 
  howpublished = "\url{https://github.com/dong77/backcore/blob/master/coinex/coinex-backend/src/main/scala/com/coinport/coinex/markets/MarketManager.scala}"
}

@misc{vitalikgovernance,
  title={Notes on Blockchain Governance},
  author={Vitalik Buterin},
  year={Accessed: 2018-03-05}
  howpublished = "\url{https://vitalik.ca/general/2017/12/17/voting.html}"
}

@article{buterin2017ethereum,
  title={Ethereum: a next generation smart contract and decentralized application platform (2013)},
  author={Buterin, Vitalik},
  journal={URL $\{$http://ethereum. org/ethereum. html$\}$},
  year={2017}
}

@article{wood2014ethereum,
  title={Ethereum: A secure decentralised generalised transaction ledger},
  author={Wood, Gavin},
  journal={Ethereum Project Yellow Paper},
  volume={151},
  year={2014}
}


@article{dai2017smart,
  title={Smart-contract value-transfer protocols on a distributed mobile application platform},
  author={Dai, Patrick and Mahi, Neil and Earls, Jordan and Norta, Alex},
  journal={URL: https://qtum. org/uploads/files/cf6d69348ca50dd985b60425ccf282f3. pdf},
  year={2017}
}

@misc{atterlonn2018distributed,
  title={A Distributed Ledger for Gamification of Pro-Bono Time},
  author={Atterl{\"o}nn, Viktor},
  year={2018}
}

@misc{warren20170x,
  title={0x: An open protocol for decentralized exchange on the Ethereum blockchain},
  author={Warren, Will and Bandeali, Amir},
  year={2017}
}

@misc{unenumerated2006,
  author = {Nick Szabo},
  title = {Menger on money: right and wrong},
  year = {Accessed: 2018-03-05}, 
  howpublished = "\url{http://unenumerated.blogspot.ca/2006/06/menger-on-money-right-and-wrong.html}"
}


@article{mcmillan2014inside,
  title={The inside story of Mt. Gox, Bitcoin’s 460 dollar million disaster},
  author={McMillan, Robert},
  year={2014}
}

@article{bancor,
  title={Bancor protocol},
  author={},
  journal={URL https://bancor.network/},
  year={2017}
}

@misc{kyber,
  author = {Loi Luu, Yaron Velner},
  title = {KyberNetwork: A trustless decentralized exchange and payment service},
  year = {Accessed: 2018-03-05}, 
  howpublished = "\url{https://kr.kyber.network/assets/KyberNetworkWhitepaper.pdf}"
}

@misc{schuh2015bitshares,
  title={BitShares 2.0: Financial Smart Contract Platform},
  author={Schuh, Fabian and Larimer, Daniel},
  year={2015},
  publisher={BitShares}
}

@article{ERC20,
  title={ERC: Token standard},
  author={Vogelsteller, Fabian},
  journal={URL https://github.com /ethereum /EIPs /issues /20},
  year={2015}
}

@article{dualauthor,
  title={Dual Authoring — Loopring’s Solution to Front-Running},
  author={Wang, Daniel},
  journal={URL https://medium.com/loopring-protocol/dual-authoring-looprings-solution-to-front-running-d0fc9c348ef1},
  year={2018}
}

@book{dannen2017introducing,
  title={Introducing Ethereum and Solidity},
  author={Dannen, Chris},
  year={2017},
  publisher={Springer}
}

@misc{LRCtokendoc,
  author = {Loopring Foundation},
  title = {LRC Token documents},
  year = {Accessed: 2018-03-05}, 
  howpublished = "\url{https://docs.loopring.org/English/token/}"
}
