@article{nakamoto2008bitcoin,
  title={Bitcoin: A peer-to-peer electronic cash system},
  author={Nakamoto, Satoshi},
  year={2008}
}

@book{desotocapital,
  title={The Mystery Of Capital},
  subtitle={Why Capitalism Triumphs In The West And Fails Everywhere Else},
  author={de Soto, Hernando},
  year={2000},
  publisher={Basic Books}
}

@misc{coincheckhack,
  author = {Wikipedia},
  title = {Coincheck},
  year = {Accessed: 2018-03-05}, 
  howpublished = "\url{https://en.wikipedia.org/wiki/Coincheck}"
}


@misc{mtgox,
  author = {Wikipedia},
  title = {Mt. Gox.},
  year = {Accessed: 2018-03-05}, 
  howpublished = "\url{https://en.wikipedia.org/wiki/Mt._Gox}"
}

@article{limitorderliquidity,
  title={Hedging through a Limit Order Book with Varying Liquidity},
  author={Rossella Agliardi and Ramazan Gençay},
  year={2014}
}

@misc{costofdecent,
  author = {Bentov, Iddo and Breidenbach, Lorenz},
  title = {The Cost of Decentralization},
  year = {Accessed: 2018-03-05}, 
  howpublished = "\url{http://hackingdistributed.com/2017/08/13/cost-of-decent/}"
}

@misc{coinport2014udom,
  author = {Daniel Wang},
  title = {Coinport's Implemenation of UDOM},
  year = {Accessed: 2018-03-05}, 
  howpublished = "\url{https://github.com/dong77/backcore/blob/master/coinex/coinex-backend/src/main/scala/com/coinport/coinex/markets/MarketManager.scala}"
}

@article{buterin2017ethereum,
  title={Ethereum: a next generation smart contract and decentralized application platform (2013)},
  author={Buterin, Vitalik},
  journal={URL $\{$http://ethereum. org/ethereum. html$\}$},
  year={2017}
}

@article{wood2014ethereum,
  title={Ethereum: A secure decentralised generalised transaction ledger},
  author={Wood, Gavin},
  journal={Ethereum Project Yellow Paper},
  volume={151},
  year={2014}
}


@article{dai2017smart,
  title={Smart-contract value-transfer protocols on a distributed mobile application platform},
  author={Dai, Patrick and Mahi, Neil and Earls, Jordan and Norta, Alex},
  journal={URL: https://qtum. org/uploads/files/cf6d69348ca50dd985b60425ccf282f3. pdf},
  year={2017}
}

@misc{atterlonn2018distributed,
  title={A Distributed Ledger for Gamification of Pro-Bono Time},
  author={Atterl{\"o}nn, Viktor},
  year={2018}
}

@misc{warren20170x,
  title={0x: An open protocol for decentralized exchange on the Ethereum blockchain},
  author={Warren, Will and Bandeali, Amir},
  year={2017}
}

@misc{unenumerated2006,
  author = {Nick Szabo},
  title = {Menger on money: right and wrong},
  year = {Accessed: 2018-03-05}, 
  howpublished = "\url{http://unenumerated.blogspot.ca/2006/06/menger-on-money-right-and-wrong.html}"
}


@article{mcmillan2014inside,
  title={The inside story of Mt. Gox, Bitcoin’s 460 dollar million disaster},
  author={McMillan, Robert},
  year={2014}
}

@article{bancor,
  title={Bancor protocol},
  author={},
  journal={URL https://bancor.network/},
  year={2017}
}

@misc{kyber,
  author = {Loi Luu, Yaron Velner},
  title = {KyberNetwork: A trustless decentralized exchange and payment service},
  year = {Accessed: 2018-03-05}, 
  howpublished = "\url{https://kr.kyber.network/assets/KyberNetworkWhitepaper.pdf}"
}

@misc{schuh2015bitshares,
  title={BitShares 2.0: Financial Smart Contract Platform},
  author={Schuh, Fabian and Larimer, Daniel},
  year={2015},
  publisher={BitShares}
}

@article{ERC20,
  title={ERC: Token standard},
  author={Vogelsteller, Fabian},
  journal={URL https://github.com /ethereum /EIPs /issues /20},
  year={2015}
}


